<?xml version="1.0" encoding="UTF-8"?><collection xmlns="http://www.loc.gov/MARC21/slim"><record><leader>00379nam--2200145-i-4500</leader><controlfield tag="001">000017730</controlfield><controlfield tag="002">20161230</controlfield><controlfield tag="005">20161230201032</controlfield><controlfield tag="008">060222s1000------------r-----000-0-eng-d</controlfield><datafield ind1=" " ind2=" " tag="080"><subfield code="a">621.039.83</subfield></datafield><datafield ind1=" " ind2=" " tag="245"><subfield code="a">Advances in food research</subfield></datafield><datafield ind1=" " ind2=" " tag="260"><subfield code="a">New York, Academic Press Inc., Publishers, 1951-</subfield></datafield><datafield ind1=" " ind2=" " tag="490"><subfield code="a">Advances In Food Research</subfield></datafield><datafield ind1=" " ind2=" " tag="700"><subfield code="a">Mark, E.M./S.A.</subfield></datafield><datafield ind1=" " ind2=" " tag="852"><subfield code="a">37698</subfield></datafield></record></collection>